@inproceedings{handa2014benchmark,
  title={A benchmark for RGB-D visual odometry, 3D reconstruction and SLAM},
  author={Handa, Ankish and Whelan, Thomas and McDonald, John and Davison, Andrew J},
  booktitle={Robotics and automation (ICRA), 2014 IEEE international conference on},
  pages={1524--1531},
  year={2014},
  organization={IEEE}
}

@inproceedings{peris2012towards,
  title={Towards a simulation driven stereo vision system},
  author={Peris, Martin and Maki, Atsuto and Martull, Sara and Ohkawa, Yoshihiro and Fukui, Kazuhiro},
  booktitle={Pattern Recognition (ICPR), 2012 21st International Conference on},
  pages={1038--1042},
  year={2012},
  organization={IEEE}
}

@incollection{butler2012naturalistic,
  title={A naturalistic open source movie for optical flow evaluation},
  author={Butler, Daniel J and Wulff, Jonas and Stanley, Garrett B and Black, Michael J},
  booktitle={Computer Vision--ECCV 2012},
  pages={611--625},
  year={2012},
  publisher={Springer}
}

@inproceedings{rathnam2013initial,
  title={Initial results of cooperative AUV exploration in a high-fidelity simulation using real-world data from Monte da Guia, Azores},
  author={Rathnam, Ravi and Birk, Andreas},
  booktitle={OCEANS-Bergen, 2013 MTS/IEEE},
  pages={1--6},
  year={2013},
  organization={IEEE}
}
